@book{saad,
  author = {Saad, Yousef},
  edition = {Second},
  isbn = {978-0-89871-534-7},
  publisher = {SIAM},
  title = {{Iterative Methods for Sparse Linear Systems}},
  url = {https://www-users.cse.umn.edu/~saad/IterMethBook_2ndEd.pdf},
  year = 2003
}
@book{bal,
    author = {Баландин, М. Ю. and Шурина, Э. П.},
    year = 2000,
    publisher={Изд-во НГТУ},
    title = {{Методы решения СЛАУ большой размерности.}},
    pagetotal = 70,
    location= {Новосибирск}
}
@book{kal,
    author={Калиткин, Н. Н.},
    title={Численные методы.},
    location={М.},
    year=1978,
    publisher={Издательство <<Наука>>}
}
@book{ufdtd,
    author={John B. Schneider },
    title={Understanding the Finite-Difference Time-Domain Method},
    url={www.eecs.wsu.edu/~schneidj/ufdtd},
    year=2010,
}
@article{npml,
  author       = {Steven G. Johnson},
  title        = {Notes on Perfectly Matched Layers (PMLs)},
  journal      = {CoRR},
  volume       = {abs/2108.05348},
  year         = {2021},
  url          = {https://arxiv.org/abs/2108.05348},
  eprinttype    = {arXiv},
  eprint       = {2108.05348},
}
